<?xml version="1.0" encoding="UTF-8"?><collection xmlns="http://www.loc.gov/MARC21/slim"><record><leader>00585nam--2200169-i-4500</leader><controlfield tag="001">000014764</controlfield><controlfield tag="002">20161230</controlfield><controlfield tag="005">20161230201031</controlfield><controlfield tag="008">060222s1000------------r-----000-0-eng-d</controlfield><datafield ind1=" " ind2=" " tag="040"><subfield code="a">IFIN-HH</subfield></datafield><datafield ind1=" " ind2=" " tag="080"><subfield code="a">539.12.172</subfield></datafield><datafield ind1="1" ind2=" " tag="100"><subfield code="a">Barut, A.O</subfield></datafield><datafield ind1="1" ind2="0" tag="245"><subfield code="a">Scattering theory</subfield><subfield code="b">New methods and problems in atomic nuclear and particle physics; aspects of scattering processes in atomic, nuclear, and particle physics</subfield><subfield code="c">A.o. barut (ed.)</subfield></datafield><datafield ind1=" " ind2=" " tag="260"><subfield code="a">New York</subfield><subfield code="b">Gordon And Breach Science Publischers</subfield><subfield code="c">1969</subfield></datafield><datafield ind1=" " ind2=" " tag="300"><subfield code="a">VIII + 431 P</subfield></datafield><datafield ind1=" " ind2=" " tag="852"><subfield code="a">75336</subfield><subfield code="c">539.12</subfield></datafield><datafield ind1=" " ind2=" " tag="CAT"><subfield code="a">Sys</subfield><subfield code="c">20120118</subfield><subfield code="h">140940</subfield></datafield></record></collection>